%YAML 1.1
%TAG !u! tag:unity3d.com,2011:
--- !u!1 &117114
GameObject:
  m_ObjectHideFlags: 0
  m_PrefabParentObject: {fileID: 0}
  m_PrefabInternal: {fileID: 100100000}
  serializedVersion: 4
  m_Component:
  - 4: {fileID: 487406}
  - 114: {fileID: 11453688}
  - 114: {fileID: 11449106}
  m_Layer: 0
  m_Name: NewBoss 1
  m_TagString: Untagged
  m_Icon: {fileID: 0}
  m_NavMeshLayer: 0
  m_StaticEditorFlags: 0
  m_IsActive: 1
--- !u!1 &129774
GameObject:
  m_ObjectHideFlags: 1
  m_PrefabParentObject: {fileID: 0}
  m_PrefabInternal: {fileID: 100100000}
  serializedVersion: 4
  m_Component:
  - 4: {fileID: 400976}
  - 212: {fileID: 21295282}
  - 114: {fileID: 11463354}
  - 114: {fileID: 11415890}
  - 114: {fileID: 11424314}
  m_Layer: 0
  m_Name: Extra
  m_TagString: Untagged
  m_Icon: {fileID: 0}
  m_NavMeshLayer: 0
  m_StaticEditorFlags: 0
  m_IsActive: 1
--- !u!1 &164948
GameObject:
  m_ObjectHideFlags: 0
  m_PrefabParentObject: {fileID: 0}
  m_PrefabInternal: {fileID: 100100000}
  serializedVersion: 4
  m_Component:
  - 4: {fileID: 447218}
  - 212: {fileID: 21239186}
  - 50: {fileID: 5085090}
  - 61: {fileID: 6196326}
  - 114: {fileID: 11484128}
  - 114: {fileID: 11468618}
  - 114: {fileID: 11472048}
  m_Layer: 0
  m_Name: Boss
  m_TagString: Untagged
  m_Icon: {fileID: 0}
  m_NavMeshLayer: 0
  m_StaticEditorFlags: 0
  m_IsActive: 1
--- !u!4 &400976
Transform:
  m_ObjectHideFlags: 1
  m_PrefabParentObject: {fileID: 0}
  m_PrefabInternal: {fileID: 100100000}
  m_GameObject: {fileID: 129774}
  m_LocalRotation: {x: 0, y: 0, z: 0, w: 1}
  m_LocalPosition: {x: 0, y: 0, z: 0}
  m_LocalScale: {x: 1, y: 1, z: 1}
  m_Children: []
  m_Father: {fileID: 447218}
  m_RootOrder: 0
--- !u!4 &447218
Transform:
  m_ObjectHideFlags: 1
  m_PrefabParentObject: {fileID: 0}
  m_PrefabInternal: {fileID: 100100000}
  m_GameObject: {fileID: 164948}
  m_LocalRotation: {x: 0, y: 0, z: 0, w: 1}
  m_LocalPosition: {x: 0, y: 0, z: 0}
  m_LocalScale: {x: 2, y: 2, z: 1}
  m_Children:
  - {fileID: 400976}
  m_Father: {fileID: 487406}
  m_RootOrder: 0
--- !u!4 &487406
Transform:
  m_ObjectHideFlags: 1
  m_PrefabParentObject: {fileID: 0}
  m_PrefabInternal: {fileID: 100100000}
  m_GameObject: {fileID: 117114}
  m_LocalRotation: {x: 0, y: 0, z: 0, w: 1}
  m_LocalPosition: {x: -0.41, y: 11.77, z: 0}
  m_LocalScale: {x: 1, y: 1, z: 1}
  m_Children:
  - {fileID: 447218}
  m_Father: {fileID: 0}
  m_RootOrder: 0
--- !u!50 &5085090
Rigidbody2D:
  serializedVersion: 2
  m_ObjectHideFlags: 1
  m_PrefabParentObject: {fileID: 0}
  m_PrefabInternal: {fileID: 100100000}
  m_GameObject: {fileID: 164948}
  m_UseAutoMass: 0
  m_Mass: 1
  m_LinearDrag: 0
  m_AngularDrag: 0.05
  m_GravityScale: 0
  m_IsKinematic: 0
  m_Interpolate: 0
  m_SleepingMode: 1
  m_CollisionDetection: 0
  m_Constraints: 0
--- !u!61 &6196326
BoxCollider2D:
  m_ObjectHideFlags: 1
  m_PrefabParentObject: {fileID: 0}
  m_PrefabInternal: {fileID: 100100000}
  m_GameObject: {fileID: 164948}
  m_Enabled: 1
  m_Density: 1
  m_Material: {fileID: 0}
  m_IsTrigger: 1
  m_UsedByEffector: 0
  m_Offset: {x: 0, y: 0}
  serializedVersion: 2
  m_Size: {x: 1, y: 1}
--- !u!114 &11415890
MonoBehaviour:
  m_ObjectHideFlags: 1
  m_PrefabParentObject: {fileID: 0}
  m_PrefabInternal: {fileID: 100100000}
  m_GameObject: {fileID: 129774}
  m_Enabled: 1
  m_EditorHideFlags: 0
  m_Script: {fileID: 11500000, guid: e51befbd7ffde42bf848d032bcaff589, type: 3}
  m_Name: 
  m_EditorClassIdentifier: 
  bulletSpeed: 5
  rotationSpeed: 12.7
  rotationCycle: -1
  shootingSpeed: 100
  startingAngle: 0
  explosion: {fileID: 114032, guid: 2d809ee4422984d558f9897526a2bbf8, type: 2}
  shootSFX: 5
  offset: {x: 0, y: 0, z: 0}
  bulletType: LinearEnemyPool
  randomize: 0
--- !u!114 &11424314
MonoBehaviour:
  m_ObjectHideFlags: 1
  m_PrefabParentObject: {fileID: 0}
  m_PrefabInternal: {fileID: 100100000}
  m_GameObject: {fileID: 129774}
  m_Enabled: 1
  m_EditorHideFlags: 0
  m_Script: {fileID: 11500000, guid: 607e359e1bd6e454498621886efbf47b, type: 3}
  m_Name: 
  m_EditorClassIdentifier: 
  downTime: 27
  fireTime: 17
  bufferedGunClass: {fileID: 171278, guid: bb8ad9f9e374947b6973b8d430ac2a87, type: 2}
  initialDelay: 0
--- !u!114 &11449106
MonoBehaviour:
  m_ObjectHideFlags: 1
  m_PrefabParentObject: {fileID: 0}
  m_PrefabInternal: {fileID: 100100000}
  m_GameObject: {fileID: 117114}
  m_Enabled: 1
  m_EditorHideFlags: 0
  m_Script: {fileID: 11500000, guid: 4453aaa5979fc4a1eba5f341ff1e4a6f, type: 3}
  m_Name: 
  m_EditorClassIdentifier: 
--- !u!114 &11453688
MonoBehaviour:
  m_ObjectHideFlags: 1
  m_PrefabParentObject: {fileID: 0}
  m_PrefabInternal: {fileID: 100100000}
  m_GameObject: {fileID: 117114}
  m_Enabled: 1
  m_EditorHideFlags: 0
  m_Script: {fileID: 11500000, guid: 0401554a0e6f9466db3c1a798d358b8c, type: 3}
  m_Name: 
  m_EditorClassIdentifier: 
  tweenName: EnterTween
  playAutomatically: 1
  delay: 0
  type: 14
  showIconInInspector: 1
  keys:
  - y
  - oncomplete
  indexes: 0000000000000000
  metadatas:
  - 
  - 
  ints: 
  floats:
  - -8
  bools: 
  strings:
  - Activate
  vector3s: []
  colors: []
  spaces: 
  easeTypes: 
  loopTypes: 
  gameObjects: []
  transforms: []
  audioClips: []
  audioSources: []
  vector3Arrays: []
  transformArrays: []
  paths: []
--- !u!114 &11463354
MonoBehaviour:
  m_ObjectHideFlags: 1
  m_PrefabParentObject: {fileID: 0}
  m_PrefabInternal: {fileID: 100100000}
  m_GameObject: {fileID: 129774}
  m_Enabled: 0
  m_EditorHideFlags: 0
  m_Script: {fileID: 11500000, guid: 79133bd885f0045c68c12664f8a465d0, type: 3}
  m_Name: 
  m_EditorClassIdentifier: 
  life: 260
  points: 1500
  powerupDropPercentage: 1
  scoreupDropPercentage: 0
  powerup: {fileID: 167550, guid: cd0c04c2208e64f0c9ce26b5e7b19082, type: 2}
  scoreup: {fileID: 167148, guid: ee3a51335f9174c0382e82abeaa18e6e, type: 2}
  clear: {fileID: 192272, guid: 3b89b42d8846041b3801a5587575ab7b, type: 2}
  notifyOnDeath: 0
  explosion: {fileID: 114032, guid: 2d809ee4422984d558f9897526a2bbf8, type: 2}
--- !u!114 &11468618
MonoBehaviour:
  m_ObjectHideFlags: 1
  m_PrefabParentObject: {fileID: 0}
  m_PrefabInternal: {fileID: 100100000}
  m_GameObject: {fileID: 164948}
  m_Enabled: 1
  m_EditorHideFlags: 0
  m_Script: {fileID: 11500000, guid: e51befbd7ffde42bf848d032bcaff589, type: 3}
  m_Name: 
  m_EditorClassIdentifier: 
  bulletSpeed: 25
  rotationSpeed: 12.7
  rotationCycle: -1
  shootingSpeed: 100
  startingAngle: 0
  explosion: {fileID: 114032, guid: 2d809ee4422984d558f9897526a2bbf8, type: 2}
  shootSFX: 5
  offset: {x: 0, y: 0, z: 0}
  bulletType: DelayedHomingEnemyPool
  randomize: 0
--- !u!114 &11472048
MonoBehaviour:
  m_ObjectHideFlags: 1
  m_PrefabParentObject: {fileID: 0}
  m_PrefabInternal: {fileID: 100100000}
  m_GameObject: {fileID: 164948}
  m_Enabled: 1
  m_EditorHideFlags: 0
  m_Script: {fileID: 11500000, guid: 607e359e1bd6e454498621886efbf47b, type: 3}
  m_Name: 
  m_EditorClassIdentifier: 
  downTime: 27
  fireTime: 17
  bufferedGunClass: {fileID: 171278, guid: bb8ad9f9e374947b6973b8d430ac2a87, type: 2}
  initialDelay: 0
--- !u!114 &11484128
MonoBehaviour:
  m_ObjectHideFlags: 1
  m_PrefabParentObject: {fileID: 0}
  m_PrefabInternal: {fileID: 100100000}
  m_GameObject: {fileID: 164948}
  m_Enabled: 1
  m_EditorHideFlags: 0
  m_Script: {fileID: 11500000, guid: 79133bd885f0045c68c12664f8a465d0, type: 3}
  m_Name: 
  m_EditorClassIdentifier: 
  life: 500
  points: 1500
  powerupDropPercentage: 1
  scoreupDropPercentage: 1
  powerup: {fileID: 167550, guid: cd0c04c2208e64f0c9ce26b5e7b19082, type: 2}
  scoreup: {fileID: 167148, guid: ee3a51335f9174c0382e82abeaa18e6e, type: 2}
  clear: {fileID: 192272, guid: 3b89b42d8846041b3801a5587575ab7b, type: 2}
  notifyOnDeath: 1
  explosion: {fileID: 114032, guid: 2d809ee4422984d558f9897526a2bbf8, type: 2}
--- !u!212 &21239186
SpriteRenderer:
  m_ObjectHideFlags: 1
  m_PrefabParentObject: {fileID: 0}
  m_PrefabInternal: {fileID: 100100000}
  m_GameObject: {fileID: 164948}
  m_Enabled: 1
  m_CastShadows: 0
  m_ReceiveShadows: 0
  m_Materials:
  - {fileID: 10754, guid: 0000000000000000e000000000000000, type: 0}
  m_SubsetIndices: 
  m_StaticBatchRoot: {fileID: 0}
  m_UseLightProbes: 0
  m_ReflectionProbeUsage: 0
  m_ProbeAnchor: {fileID: 0}
  m_ScaleInLightmap: 1
  m_PreserveUVs: 0
  m_IgnoreNormalsForChartDetection: 0
  m_ImportantGI: 0
  m_MinimumChartSize: 4
  m_AutoUVMaxDistance: 0.5
  m_AutoUVMaxAngle: 89
  m_LightmapParameters: {fileID: 0}
  m_SortingLayerID: -187153647
  m_SortingOrder: 0
  m_Sprite: {fileID: 21300260, guid: 4f3d817ad821bc345b488255f0de8318, type: 3}
  m_Color: {r: 1, g: 1, b: 1, a: 1}
  m_FlipX: 0
  m_FlipY: 0
--- !u!212 &21295282
SpriteRenderer:
  m_ObjectHideFlags: 1
  m_PrefabParentObject: {fileID: 0}
  m_PrefabInternal: {fileID: 100100000}
  m_GameObject: {fileID: 129774}
  m_Enabled: 0
  m_CastShadows: 0
  m_ReceiveShadows: 0
  m_Materials:
  - {fileID: 10754, guid: 0000000000000000e000000000000000, type: 0}
  m_SubsetIndices: 
  m_StaticBatchRoot: {fileID: 0}
  m_UseLightProbes: 0
  m_ReflectionProbeUsage: 0
  m_ProbeAnchor: {fileID: 0}
  m_ScaleInLightmap: 1
  m_PreserveUVs: 0
  m_IgnoreNormalsForChartDetection: 0
  m_ImportantGI: 0
  m_MinimumChartSize: 4
  m_AutoUVMaxDistance: 0.5
  m_AutoUVMaxAngle: 89
  m_LightmapParameters: {fileID: 0}
  m_SortingLayerID: -187153647
  m_SortingOrder: 0
  m_Sprite: {fileID: 21300260, guid: 4f3d817ad821bc345b488255f0de8318, type: 3}
  m_Color: {r: 1, g: 1, b: 1, a: 1}
  m_FlipX: 0
  m_FlipY: 0
--- !u!1001 &100100000
Prefab:
  m_ObjectHideFlags: 1
  serializedVersion: 2
  m_Modification:
    m_TransformParent: {fileID: 0}
    m_Modifications:
    - target: {fileID: 0}
      propertyPath: bufferedGunClass
      value: 
      objectReference: {fileID: 171278, guid: bb8ad9f9e374947b6973b8d430ac2a87, type: 2}
    - target: {fileID: 0}
      propertyPath: life
      value: 500
      objectReference: {fileID: 0}
    - target: {fileID: 0}
      propertyPath: scoreupDropPercentage
      value: 1
      objectReference: {fileID: 0}
    m_RemovedComponents: []
  m_ParentPrefab: {fileID: 0}
  m_RootGameObject: {fileID: 117114}
  m_IsPrefabParent: 1
